@book{klabnik2019rust,
  title={The Rust Programming Language (Covers Rust 2018)},
  author={Klabnik, Steve and Nichols, Carol},
  year={2019},
  publisher={No Starch Press}
}
@misc{wikipedia,
  author = {wikipedia},
  title = {Fibonacci wikipedia},
  howpublished = "\url{https://en.wikipedia.org/wiki/Fibonacci_number}",
  year = {2008}, 
  note = "[Online; accessed 2-march-2021]"
}